<?xml version="1.0" encoding="UTF-8"?><collection xmlns="http://www.loc.gov/MARC21/slim"><record><leader>00333nam--2200133-i-4500</leader><controlfield tag="001">000018059</controlfield><controlfield tag="002">20161230</controlfield><controlfield tag="005">20161230201032</controlfield><controlfield tag="008">060222s1000------------r-----000-0-eng-d</controlfield><datafield ind1=" " ind2=" " tag="080"><subfield code="a">631.2</subfield></datafield><datafield ind1=" " ind2=" " tag="100"><subfield code="a">Florescu, C</subfield></datafield><datafield ind1=" " ind2=" " tag="245"><subfield code="a">Masini si unelte horticole</subfield></datafield><datafield ind1=" " ind2=" " tag="260"><subfield code="a">Bucuresti, Editura Agro-silvica De Stat, 1954. 337 P</subfield></datafield><datafield ind1=" " ind2=" " tag="852"><subfield code="a">26155</subfield></datafield></record></collection>